@book{vogel,
  title={Mathematical Programming},
  author={Reinfeld, N. V. and Vogel, W. R.},
  publisher={Prentice-Hall},
  address={Englewood Cliffs, N.J.},
  year={1958}
}

@article{glover,
  title={A Computation study on start procedures, basis change criteria, and solution algorithms for transportation problems},
  author={Glover, F. and Karney, D. and Klingman, D. and Napier, A.},
  journal={Management Science},
  volume={20},
  pages={793--813},
  year={1974},
  doi = {10.1287/mnsc.20.5.783}
}

@article{dastidar2005scheduling,
  title={Scheduling injection molding operations with multiple resource constraints and sequence dependent setup times and costs},
  author={Dastidar, S. G. and Nagi, R.},
  journal={Computers \& Operations Research},
  volume={32},
  pages={2987--3005},
  year={2005},
  publisher={Elsevier},
  doi = {10.1016/j.cor.2004.04.012}
}

@article{meyr2002simultaneous,
  title={Simultaneous lotsizing and scheduling on parallel machines},
  author={Meyr, H.},
  journal={European Journal of Operational Research},
  volume={139},
  pages={277--292},
  year={2002},
  publisher={Elsevier},
  doi = {10.1016/S0377-2217(01)00373-3}
}

@article{fleischmann1997general,
  title={The general lotsizing and scheduling problem},
  author={Fleischmann, B. and Meyr, H.},
  journal={OR Spectrum},
  volume={19},
  pages={11--21},
  year={1997},
  publisher={Springer},
  doi = {10.1007/BF01539800}
}

@article{meyr2000simultaneous,
  title={Simultaneous lotsizing and scheduling by combining local search with dual reoptimization},
  author={Meyr, H.},
  journal={European Journal of Operational Research},
  volume={120},
  pages={311--326},
  year={2000},
  publisher={Elsevier},
  doi = {10.1016/S0377-2217(99)00159-9}
}

@article{beraldi2008rolling,
  title={Rolling-horizon and fix-and-relax heuristics for the parallel machine lot-sizing and scheduling problem with sequence-dependent set-up costs},
  author={Beraldi, P. and Ghiani, G. and Grieco, A. and Guerriero, E.},
  journal={Computers \& Operations Research},
  volume={35},
  pages={3644--3656},
  year={2008},
  publisher={Elsevier},
  doi ={10.1016/j.cor.2007.04.003}
}

@article{clark2000rolling,
  title={Rolling-horizon lot-sizing when set-up times are sequence-dependent},
  author={Clark, A. R. and Clark, S. J.},
  journal={International Journal of Production Research},
  volume={38},
  pages={2287--2307},
  year={2000},
  publisher={Taylor \& Francis},
  doi = {10.1080/00207540050028106}
}

@article{drexl1997lot,
  title={Lot sizing and scheduling—survey and extensions},
  author={Drexl, A. and Kimms, A.},
  journal={European Journal of Operational Research},
  volume={99},
  pages={221--235},
  year={1997},
  publisher={Elsevier},
  doi = {10.1016/S0377-2217(97)00030-1}
}

@article{jozefowska2008optimization,
  title={Optimization tool for short-term production planning and scheduling},
  author={J{\'o}zefowska, J. and Zimniak, A.},
  journal={International Journal of Production Economics},
  volume={112},
  pages={109--120},
  year={2008},
  publisher={Elsevier},
  doi = {10.1016/j.ijpe.2006.08.026}
}

@article{kang1999lotsizing,
  title={Lotsizing and scheduling on parallel machines with sequence-dependent setup costs},
  author={Kang, S. and Malik, K. and Thomas, L. J.},
  journal={Management Science},
  volume={45},
  pages={273--289},
  year={1999},
  publisher={INFORMS},
  doi = {10.1287/mnsc.45.2.273}
}

@article{karimi2003capacitated,
  title={The capacitated lot sizing problem: A review of models and algorithms},
  author={Karimi, B. and Ghomi, S. M. T. F. and Wilson, J. M.},
  journal={Omega},
  volume={31},
  pages={365--378},
  year={2003},
  publisher={Elsevier},
  doi = {10.1016/S0305-0483(03)00059-8}
}

@article{mateus2010capacitated,
  title={Capacitated lot sizing and sequence dependent setup scheduling: an iterative approach for integration},
  author={Mateus, G. R. and Ravetti, M. G. and de Souza, M. C. and Valeriano, T. M.},
  journal={Journal of Scheduling},
  volume={13},
  pages={245--259},
  year={2010},
  publisher={Springer},
  doi = {10.1007/s10951-009-0156-2}
}

@article{quadt2008capacitated,
  title={Capacitated lot-sizing with extensions: A review},
  author={Quadt, D. and Kuhn, H.},
  journal={4OR},
  volume={6},
  pages={61--83},
  year={2008},
  publisher={Springer},
  doi = {10.1007/s10288-007-0057-1}
}

@article{robinson2009coordinated,
  title={Coordinated deterministic dynamic demand lot-sizing problem: A review of models and algorithms},
  author={Robinson, P. and Narayanan, A. and Sahin, F.},
  journal={Omega},
  volume={37},
  pages={3--15},
  year={2009},
  publisher={Elsevier},
  doi = {10.1016/j.omega.2006.11.004}
}

@article{zhu2006scheduling,
  title={Scheduling and lot sizing with sequence-dependent setup: A literature review},
  author={Zhu, X. and Wilhelm, W. E.},
  journal={IIE Transactions},
  volume={38},
  pages={987--1007},
  year={2006},
  publisher={Taylor \& Francis},
  doi = {10.1080/07408170600559706}
}

@misc{abihpec,
    author = {{ABIHPEC}},
    title  = {{I}ndustry {O}verview of the {B}razilian {P}ersonal {C}are, {P}erfumery and {C}osmetics {I}ndustry ({I}n {P}ortuguese. {A}vailable at \url{https://abihpec.org.br/site2019/wp-content/uploads/2021/05/Panorama_do_Setor_Atualizado_Abril-Rev3.pdf}. {A}ccessed on {J}uly 21, 2021.)},
    urldate  = {07-21-2021},
    year   = {2021},
    url    = {https://abihpec.org.br/site2019/wp-content/uploads/2021/05/Panorama_do_Setor_Atualizado_Abril-Rev3.pdf}
}

%não remover ainda
@article{ferreira2009solution,
  title={Solution approaches for the soft drink integrated production lot sizing and scheduling problem},
  author={Ferreira, D. and Morabito, R. and Rangel, S.},
  journal={European Journal of Operational Research},
  volume={196},
  pages={697--706},
  year={2009},
  publisher={Elsevier},
  doi = {10.1016/j.ejor.2008.03.035}
}

%nao remover ainda
@article{melega2020mathematical,
  title={Mathematical model and solution approaches for integrated lot-sizing, scheduling and cutting stock problems},
  author={Melega, G. M. and de Araujo, S. A. and Morabito, R.},
  journal={Annals of Operations Research},
  pages={1--42},
  year={2020},
  publisher={Springer},
  doi = {doi.org/10.1007/s10479-020-03764-9}
}

@book{pochetwolsey2006,
  title={Production Planning by Mixed Integer Programming. Series in Operations Research and Financial},
  author={Pochet, Y. and Wolsey, L. A.},
  year={2006},
  publisher={Springer Verlag},
  address={New York, NY}
}

@article{lang2011fix,
  title={Fix-and-optimize heuristics for capacitated lot-sizing with sequence-dependent setups and substitutions},
  author={Lang, J. C. and Shen, Z.-J. M.},
  journal={European Journal of Operational Research},
  volume={214},
  pages={595--605},
  year={2011},
  publisher={Elsevier},
  doi = {10.1016/j.ejor.2011.05.014}
}

@article{yasmin2020,
  title={A heuristic based on mathematical programming for a lot-sizing and scheduling problem in mold-injection production},
  author={R\'{\i}os-Sol\'{\i}s, Y. {\'A}. and Ibarra-Rojas, O. J. and Cabo, M. and Possani, E.},
  journal={European Journal of Operational Research},
  volume={284},
  pages={861--873},
  year={2020},
  publisher={Elsevier},
  doi = {10.1016/j.ejor.2020.01.016}
}

@article{meyr2013decomposition,
  title={A decomposition approach for the general lotsizing and scheduling problem for parallel production lines},
  author={Meyr, H. and Mann, M.},
  journal={European Journal of Operational Research},
  volume={229},
  pages={718--731},
  year={2013},
  publisher={Elsevier},
  doi = {10.1016/j.ejor.2013.03.036}
}

@article{dearmas2020,
  title={Parallel machine, capacitated lot-sizing and scheduling for the pipe-insulation industry},
  author={de Armas, J. and Laguna, M.},
  journal={International Journal of Production Research},
  volume={58},
  pages={800--817},
  year={2020},
  publisher={Taylor\&Francis},
  doi = {10.1080/00207543.2019.1600763}
}

@article{xiao2015hybrid,
  title={A hybrid Lagrangian-simulated annealing-based heuristic for the parallel-machine capacitated lot-sizing and scheduling problem with sequence-dependent setup times},
  author={Xiao, J. and Yang, H. and Zhang, C. and Zheng, L. and Gupta, J.N.D.},
  journal={Computers \& Operations Research},
  volume={63},
  pages={72--82},
  year={2015},
  publisher={Elsevier},
  doi = {10.1016/j.cor.2015.04.010}
}

@article{soler2020,
  title={{MIP} approaches for a lot sizing and scheduling problem on multiple production lines with scarce resources, temporary workstations, and perishable products},
  author={Soler, W.A. O. and Santos, M. O. and  Akartunalı, K.},
  journal={Journal of Operational Research Society},
  volume={to appear},
  pages={},
  year={2019},
  publisher={Taylor & Francis},
  doi = {10.1080/01605682.2019.1640588}
}

@article{worbe2019,
  title={Simultaneous lotsizing and scheduling considering secondary resources: a general model, literature review and classification},
  author={W\"orbelauer, M. and Meyr, H. and Almada-Lobo, B.},
  journal={OR Spectrum},
  volume={41},
  pages={1--43},
  year={2019},
  publisher={Springer},
  doi = {10.1007/s00291-018-0536-0}
}

@article{copil,
  title={Simultaneous lotsizing and scheduling problems: a classification and review of models},
  author={Copil, K. and W\"orbelauer, M. and Meyr, H. and Tempelmeier, H},
  journal={OR Spectrum},
  volume={39},
  pages={1--64},
  year={2017},
  publisher={Springer},
  doi = {10.1007/s00291-015-0429-4}
}

@article{alme2011,
  title={Synchronisation of scarce resources for a parallel machine lotsizing problem},
  author={Almeder, C. and Almada-Lobo, B.},
  journal={International Journal of Production Research},
  volume={49},
  pages={7315--7335},
  year={2011},
  publisher={Elsevier},
  doi = {10.1080/00207543.2010.535570}
}